@misc {rules,
    AUTHOR = {情報処理学会プログラミングコンテスト委員会},
     TITLE = {SamurAI 3x3 2016 ルールとプログラムインタフェース},
       howpublished = {\url{http://samuraicoding.info/rules-jp.pdf}}
}
@misc {koushiki,
    AUTHOR = {情報処理学会プログラミングコンテスト委員会},
     TITLE = {情報処理学会 国際 人工知能プログラミングコンテスト: SamurAI Coding 2016--17},
       howpublished = {\url{http://samuraicoding.info/index-jp.html}
}
@misc {koushiki-rules,
    AUTHOR = {情報処理学会プログラミングコンテスト委員会},
     TITLE = {SamurAI Coding のルール},
       howpublished = {\url{http://samuraicoding.info/rules-jp.html}
}
@BOOK{日本数学会200703, 
title={岩波数学辞典},
editor={日本数学会},
publisher={岩波書店},
year={2007},
month={3},
edition={第 4 版},
isbn={9784000803090},
url={http://amazon.co.jp/o/ASIN/4000803093/},
price={￥ 18,360},
totalpages={1976},
timestamp={2016.07.19},
}
@BOOK{Knuth201512, 
title={The Art of Computer Programming, Volume 4, Fascicle 6: Satisfiability},
author={Donald E. Knuth},
publisher={Addison-Wesley Professional},
year={2015},
month={12},
edition={1},
isbn={9780134397603},
url={http://amazon.co.jp/o/ASIN/0134397606/},
price={￥ 3,320},
totalpages={320},
timestamp={2017.01.05},
}
@article{weko_169441_1,
   editor = "番原,睦則 and 鍋島,英知 and 森畑,明昌",
   title	 = "SAT技術の進化と応用 〜パズルからプログラム検証まで〜",
   journal	 = "情報処理",
   year 	 = "2016",
   volume	 = "57",
   number	 = "8",
   pages	 = "702--737",
   month	 = "jul"
}